<?xml version="1.0" encoding="UTF-8"?><collection xmlns="http://www.loc.gov/MARC21/slim"><record><leader>00331nam--2200133-i-4500</leader><controlfield tag="001">000044918</controlfield><controlfield tag="002">20161230</controlfield><controlfield tag="005">20161230201044</controlfield><controlfield tag="008">060222s1000------------r-----000-0-eng-d</controlfield><datafield ind1=" " ind2=" " tag="245"><subfield code="a">Threshold signals</subfield></datafield><datafield ind1=" " ind2=" " tag="260"><subfield code="a">New York, Mc Graw, 1950, Xii + 388p</subfield></datafield><datafield ind1=" " ind2=" " tag="490"><subfield code="a">Mit Radiation Lab. Series 24</subfield></datafield><datafield ind1=" " ind2=" " tag="700"><subfield code="a">Jamesl.Lawson</subfield></datafield><datafield ind1=" " ind2=" " tag="852"><subfield code="a">1750</subfield></datafield></record></collection>